%YAML 1.1
%TAG !u! tag:unity3d.com,2011:
--- !u!29 &1
OcclusionCullingSettings:
  m_ObjectHideFlags: 0
  serializedVersion: 2
  m_OcclusionBakeSettings:
    smallestOccluder: 5
    smallestHole: 0.25
    backfaceThreshold: 100
  m_SceneGUID: 00000000000000000000000000000000
  m_OcclusionCullingData: {fileID: 0}
--- !u!104 &2
RenderSettings:
  m_ObjectHideFlags: 0
  serializedVersion: 9
  m_Fog: 0
  m_FogColor: {r: 0.5, g: 0.5, b: 0.5, a: 1}
  m_FogMode: 3
  m_FogDensity: 0.01
  m_LinearFogStart: 0
  m_LinearFogEnd: 300
  m_AmbientSkyColor: {r: 0.212, g: 0.227, b: 0.259, a: 1}
  m_AmbientEquatorColor: {r: 0.114, g: 0.125, b: 0.133, a: 1}
  m_AmbientGroundColor: {r: 0.047, g: 0.043, b: 0.035, a: 1}
  m_AmbientIntensity: 1
  m_AmbientMode: 0
  m_SubtractiveShadowColor: {r: 0.42, g: 0.478, b: 0.627, a: 1}
  m_SkyboxMaterial: {fileID: 10304, guid: 0000000000000000f000000000000000, type: 0}
  m_HaloStrength: 0.5
  m_FlareStrength: 1
  m_FlareFadeSpeed: 3
  m_HaloTexture: {fileID: 0}
  m_SpotCookie: {fileID: 10001, guid: 0000000000000000e000000000000000, type: 0}
  m_DefaultReflectionMode: 0
  m_DefaultReflectionResolution: 128
  m_ReflectionBounces: 1
  m_ReflectionIntensity: 1
  m_CustomReflection: {fileID: 0}
  m_Sun: {fileID: 0}
  m_IndirectSpecularColor: {r: 0.18028334, g: 0.22571328, b: 0.3069217, a: 1}
  m_UseRadianceAmbientProbe: 0
--- !u!157 &3
LightmapSettings:
  m_ObjectHideFlags: 0
  serializedVersion: 12
  m_GIWorkflowMode: 1
  m_GISettings:
    serializedVersion: 2
    m_BounceScale: 1
    m_IndirectOutputScale: 1
    m_AlbedoBoost: 1
    m_EnvironmentLightingMode: 0
    m_EnableBakedLightmaps: 1
    m_EnableRealtimeLightmaps: 0
  m_LightmapEditorSettings:
    serializedVersion: 12
    m_Resolution: 2
    m_BakeResolution: 40
    m_AtlasSize: 1024
    m_AO: 0
    m_AOMaxDistance: 1
    m_CompAOExponent: 1
    m_CompAOExponentDirect: 0
    m_ExtractAmbientOcclusion: 0
    m_Padding: 2
    m_LightmapParameters: {fileID: 0}
    m_LightmapsBakeMode: 1
    m_TextureCompression: 1
    m_FinalGather: 0
    m_FinalGatherFiltering: 1
    m_FinalGatherRayCount: 256
    m_ReflectionCompression: 2
    m_MixedBakeMode: 2
    m_BakeBackend: 1
    m_PVRSampling: 1
    m_PVRDirectSampleCount: 32
    m_PVRSampleCount: 512
    m_PVRBounces: 2
    m_PVREnvironmentSampleCount: 256
    m_PVREnvironmentReferencePointCount: 2048
    m_PVRFilteringMode: 1
    m_PVRDenoiserTypeDirect: 1
    m_PVRDenoiserTypeIndirect: 1
    m_PVRDenoiserTypeAO: 1
    m_PVRFilterTypeDirect: 0
    m_PVRFilterTypeIndirect: 0
    m_PVRFilterTypeAO: 0
    m_PVREnvironmentMIS: 1
    m_PVRCulling: 1
    m_PVRFilteringGaussRadiusDirect: 1
    m_PVRFilteringGaussRadiusIndirect: 5
    m_PVRFilteringGaussRadiusAO: 2
    m_PVRFilteringAtrousPositionSigmaDirect: 0.5
    m_PVRFilteringAtrousPositionSigmaIndirect: 2
    m_PVRFilteringAtrousPositionSigmaAO: 1
    m_ExportTrainingData: 0
    m_TrainingDataDestination: TrainingData
    m_LightProbeSampleCountMultiplier: 4
  m_LightingDataAsset: {fileID: 0}
  m_LightingSettings: {fileID: 0}
--- !u!196 &4
NavMeshSettings:
  serializedVersion: 2
  m_ObjectHideFlags: 0
  m_BuildSettings:
    serializedVersion: 2
    agentTypeID: 0
    agentRadius: 0.5
    agentHeight: 2
    agentSlope: 45
    agentClimb: 0.4
    ledgeDropHeight: 0
    maxJumpAcrossDistance: 0
    minRegionArea: 2
    manualCellSize: 0
    cellSize: 0.16666667
    manualTileSize: 0
    tileSize: 256
    accuratePlacement: 0
    maxJobWorkers: 0
    preserveTilesOutsideBounds: 0
    debug:
      m_Flags: 0
  m_NavMeshData: {fileID: 0}
--- !u!1 &87332154
GameObject:
  m_ObjectHideFlags: 0
  m_CorrespondingSourceObject: {fileID: 0}
  m_PrefabInstance: {fileID: 0}
  m_PrefabAsset: {fileID: 0}
  serializedVersion: 6
  m_Component:
  - component: {fileID: 87332155}
  - component: {fileID: 87332156}
  m_Layer: 0
  m_Name: HeadTracking
  m_TagString: Untagged
  m_Icon: {fileID: 0}
  m_NavMeshLayer: 0
  m_StaticEditorFlags: 0
  m_IsActive: 1
--- !u!4 &87332155
Transform:
  m_ObjectHideFlags: 0
  m_CorrespondingSourceObject: {fileID: 0}
  m_PrefabInstance: {fileID: 0}
  m_PrefabAsset: {fileID: 0}
  m_GameObject: {fileID: 87332154}
  m_LocalRotation: {x: 0, y: 0, z: 0, w: 1}
  m_LocalPosition: {x: 0, y: 0, z: 0}
  m_LocalScale: {x: 1, y: 1, z: 1}
  m_ConstrainProportionsScale: 0
  m_Children: []
  m_Father: {fileID: 408966945}
  m_RootOrder: 0
  m_LocalEulerAnglesHint: {x: 0, y: 0, z: 0}
--- !u!114 &87332156
MonoBehaviour:
  m_ObjectHideFlags: 0
  m_CorrespondingSourceObject: {fileID: 0}
  m_PrefabInstance: {fileID: 0}
  m_PrefabAsset: {fileID: 0}
  m_GameObject: {fileID: 87332154}
  m_Enabled: 1
  m_EditorHideFlags: 0
  m_Script: {fileID: 11500000, guid: e3c430f382484144e925c097c2d33cfe, type: 3}
  m_Name: 
  m_EditorClassIdentifier: 
  m_Weight: 1
  m_Data:
    m_ConstrainedObject: {fileID: 104434964}
    m_SourceObjects:
      m_Length: 1
      m_Item0:
        transform: {fileID: 1119982067}
        weight: 1
      m_Item1:
        transform: {fileID: 0}
        weight: 0
      m_Item2:
        transform: {fileID: 0}
        weight: 0
      m_Item3:
        transform: {fileID: 0}
        weight: 0
      m_Item4:
        transform: {fileID: 0}
        weight: 0
      m_Item5:
        transform: {fileID: 0}
        weight: 0
      m_Item6:
        transform: {fileID: 0}
        weight: 0
      m_Item7:
        transform: {fileID: 0}
        weight: 0
    m_Offset: {x: 0, y: 0, z: 0}
    m_MinLimit: -180
    m_MaxLimit: 180
    m_AimAxis: 4
    m_UpAxis: 2
    m_WorldUpType: 0
    m_WorldUpObject: {fileID: 0}
    m_WorldUpAxis: 2
    m_MaintainOffset: 0
    m_ConstrainedAxes:
      x: 1
      y: 1
      z: 1
--- !u!1 &96205567
GameObject:
  m_ObjectHideFlags: 0
  m_CorrespondingSourceObject: {fileID: 0}
  m_PrefabInstance: {fileID: 0}
  m_PrefabAsset: {fileID: 0}
  serializedVersion: 6
  m_Component:
  - component: {fileID: 96205569}
  - component: {fileID: 96205568}
  - component: {fileID: 96205570}
  m_Layer: 0
  m_Name: Directional Light
  m_TagString: Untagged
  m_Icon: {fileID: 0}
  m_NavMeshLayer: 0
  m_StaticEditorFlags: 0
  m_IsActive: 1
--- !u!108 &96205568
Light:
  m_ObjectHideFlags: 0
  m_CorrespondingSourceObject: {fileID: 0}
  m_PrefabInstance: {fileID: 0}
  m_PrefabAsset: {fileID: 0}
  m_GameObject: {fileID: 96205567}
  m_Enabled: 1
  serializedVersion: 10
  m_Type: 1
  m_Shape: 0
  m_Color: {r: 1, g: 0.95686275, b: 0.8392157, a: 1}
  m_Intensity: 1
  m_Range: 10
  m_SpotAngle: 30
  m_InnerSpotAngle: 21.80208
  m_CookieSize: 10
  m_Shadows:
    m_Type: 2
    m_Resolution: -1
    m_CustomResolution: -1
    m_Strength: 1
    m_Bias: 0.05
    m_NormalBias: 0.4
    m_NearPlane: 0.2
    m_CullingMatrixOverride:
      e00: 1
      e01: 0
      e02: 0
      e03: 0
      e10: 0
      e11: 1
      e12: 0
      e13: 0
      e20: 0
      e21: 0
      e22: 1
      e23: 0
      e30: 0
      e31: 0
      e32: 0
      e33: 1
    m_UseCullingMatrixOverride: 0
  m_Cookie: {fileID: 0}
  m_DrawHalo: 0
  m_Flare: {fileID: 0}
  m_RenderMode: 0
  m_CullingMask:
    serializedVersion: 2
    m_Bits: 4294967295
  m_RenderingLayerMask: 1
  m_Lightmapping: 4
  m_LightShadowCasterMode: 0
  m_AreaSize: {x: 1, y: 1}
  m_BounceIntensity: 1
  m_ColorTemperature: 6570
  m_UseColorTemperature: 0
  m_BoundingSphereOverride: {x: 0, y: 0, z: 0, w: 0}
  m_UseBoundingSphereOverride: 0
  m_UseViewFrustumForShadowCasterCull: 1
  m_ShadowRadius: 0
  m_ShadowAngle: 0
--- !u!4 &96205569
Transform:
  m_ObjectHideFlags: 0
  m_CorrespondingSourceObject: {fileID: 0}
  m_PrefabInstance: {fileID: 0}
  m_PrefabAsset: {fileID: 0}
  m_GameObject: {fileID: 96205567}
  m_LocalRotation: {x: 0.40821788, y: -0.23456968, z: 0.10938163, w: 0.8754261}
  m_LocalPosition: {x: 0, y: 3, z: 0}
  m_LocalScale: {x: 1, y: 1, z: 1}
  m_ConstrainProportionsScale: 0
  m_Children: []
  m_Father: {fileID: 0}
  m_RootOrder: 1
  m_LocalEulerAnglesHint: {x: 50, y: -30, z: 0}
--- !u!114 &96205570
MonoBehaviour:
  m_ObjectHideFlags: 0
  m_CorrespondingSourceObject: {fileID: 0}
  m_PrefabInstance: {fileID: 0}
  m_PrefabAsset: {fileID: 0}
  m_GameObject: {fileID: 96205567}
  m_Enabled: 1
  m_EditorHideFlags: 0
  m_Script: {fileID: 11500000, guid: 474bcb49853aa07438625e644c072ee6, type: 3}
  m_Name: 
  m_EditorClassIdentifier: 
  m_Version: 1
  m_UsePipelineSettings: 1
  m_AdditionalLightsShadowResolutionTier: 2
  m_LightLayerMask: 1
  m_CustomShadowLayers: 0
  m_ShadowLayerMask: 1
  m_LightCookieSize: {x: 1, y: 1}
  m_LightCookieOffset: {x: 0, y: 0}
--- !u!1001 &104434885
PrefabInstance:
  m_ObjectHideFlags: 0
  serializedVersion: 2
  m_Modification:
    m_TransformParent: {fileID: 0}
    m_Modifications:
    - target: {fileID: 51133442762429554, guid: 130e03df64725f7468a3eee2e705354e, type: 3}
      propertyPath: m_RootOrder
      value: 2
      objectReference: {fileID: 0}
    - target: {fileID: 51133442762429554, guid: 130e03df64725f7468a3eee2e705354e, type: 3}
      propertyPath: m_LocalPosition.x
      value: 0.1400665
      objectReference: {fileID: 0}
    - target: {fileID: 51133442762429554, guid: 130e03df64725f7468a3eee2e705354e, type: 3}
      propertyPath: m_LocalPosition.y
      value: -0.22
      objectReference: {fileID: 0}
    - target: {fileID: 51133442762429554, guid: 130e03df64725f7468a3eee2e705354e, type: 3}
      propertyPath: m_LocalPosition.z
      value: 0.5538306
      objectReference: {fileID: 0}
    - target: {fileID: 51133442762429554, guid: 130e03df64725f7468a3eee2e705354e, type: 3}
      propertyPath: m_LocalRotation.w
      value: 1
      objectReference: {fileID: 0}
    - target: {fileID: 51133442762429554, guid: 130e03df64725f7468a3eee2e705354e, type: 3}
      propertyPath: m_LocalRotation.x
      value: 0
      objectReference: {fileID: 0}
    - target: {fileID: 51133442762429554, guid: 130e03df64725f7468a3eee2e705354e, type: 3}
      propertyPath: m_LocalRotation.y
      value: 0
      objectReference: {fileID: 0}
    - target: {fileID: 51133442762429554, guid: 130e03df64725f7468a3eee2e705354e, type: 3}
      propertyPath: m_LocalRotation.z
      value: 0
      objectReference: {fileID: 0}
    - target: {fileID: 51133442762429554, guid: 130e03df64725f7468a3eee2e705354e, type: 3}
      propertyPath: m_LocalEulerAnglesHint.x
      value: 0
      objectReference: {fileID: 0}
    - target: {fileID: 51133442762429554, guid: 130e03df64725f7468a3eee2e705354e, type: 3}
      propertyPath: m_LocalEulerAnglesHint.y
      value: 0
      objectReference: {fileID: 0}
    - target: {fileID: 51133442762429554, guid: 130e03df64725f7468a3eee2e705354e, type: 3}
      propertyPath: m_LocalEulerAnglesHint.z
      value: 0
      objectReference: {fileID: 0}
    - target: {fileID: 83115376595555899, guid: 130e03df64725f7468a3eee2e705354e, type: 3}
      propertyPath: m_LocalRotation.w
      value: 0.9735193
      objectReference: {fileID: 0}
    - target: {fileID: 83115376595555899, guid: 130e03df64725f7468a3eee2e705354e, type: 3}
      propertyPath: m_LocalRotation.x
      value: 0.05380349
      objectReference: {fileID: 0}
    - target: {fileID: 83115376595555899, guid: 130e03df64725f7468a3eee2e705354e, type: 3}
      propertyPath: m_LocalRotation.y
      value: 0.21870713
      objectReference: {fileID: 0}
    - target: {fileID: 83115376595555899, guid: 130e03df64725f7468a3eee2e705354e, type: 3}
      propertyPath: m_LocalRotation.z
      value: -0.03914683
      objectReference: {fileID: 0}
    - target: {fileID: 83115376595555899, guid: 130e03df64725f7468a3eee2e705354e, type: 3}
      propertyPath: m_LocalEulerAnglesHint.x
      value: 7.001
      objectReference: {fileID: 0}
    - target: {fileID: 83115376595555899, guid: 130e03df64725f7468a3eee2e705354e, type: 3}
      propertyPath: m_LocalEulerAnglesHint.y
      value: 25.137
      objectReference: {fileID: 0}
    - target: {fileID: 83115376595555899, guid: 130e03df64725f7468a3eee2e705354e, type: 3}
      propertyPath: m_LocalEulerAnglesHint.z
      value: -3.043
      objectReference: {fileID: 0}
    - target: {fileID: 3958365282529551969, guid: 130e03df64725f7468a3eee2e705354e, type: 3}
      propertyPath: m_Name
      value: Slender
      objectReference: {fileID: 0}
    - target: {fileID: 6777944006010896666, guid: 130e03df64725f7468a3eee2e705354e, type: 3}
      propertyPath: m_LocalRotation.w
      value: 0.6221726
      objectReference: {fileID: 0}
    - target: {fileID: 6777944006010896666, guid: 130e03df64725f7468a3eee2e705354e, type: 3}
      propertyPath: m_LocalRotation.x
      value: -0.0314567
      objectReference: {fileID: 0}
    - target: {fileID: 6777944006010896666, guid: 130e03df64725f7468a3eee2e705354e, type: 3}
      propertyPath: m_LocalRotation.y
      value: 0.10984142
      objectReference: {fileID: 0}
    - target: {fileID: 6777944006010896666, guid: 130e03df64725f7468a3eee2e705354e, type: 3}
      propertyPath: m_LocalRotation.z
      value: -0.7744976
      objectReference: {fileID: 0}
    - target: {fileID: 6777944006010896666, guid: 130e03df64725f7468a3eee2e705354e, type: 3}
      propertyPath: m_LocalEulerAnglesHint.x
      value: 7.527
      objectReference: {fileID: 0}
    - target: {fileID: 6777944006010896666, guid: 130e03df64725f7468a3eee2e705354e, type: 3}
      propertyPath: m_LocalEulerAnglesHint.y
      value: 10.779
      objectReference: {fileID: 0}
    - target: {fileID: 6777944006010896666, guid: 130e03df64725f7468a3eee2e705354e, type: 3}
      propertyPath: m_LocalEulerAnglesHint.z
      value: -101.737
      objectReference: {fileID: 0}
    - target: {fileID: 9098522738382591806, guid: 130e03df64725f7468a3eee2e705354e, type: 3}
      propertyPath: m_LocalRotation.w
      value: 0.62367564
      objectReference: {fileID: 0}
    - target: {fileID: 9098522738382591806, guid: 130e03df64725f7468a3eee2e705354e, type: 3}
      propertyPath: m_LocalRotation.x
      value: -0.04161552
      objectReference: {fileID: 0}
    - target: {fileID: 9098522738382591806, guid: 130e03df64725f7468a3eee2e705354e, type: 3}
      propertyPath: m_LocalRotation.y
      value: -0.100954205
      objectReference: {fileID: 0}
    - target: {fileID: 9098522738382591806, guid: 130e03df64725f7468a3eee2e705354e, type: 3}
      propertyPath: m_LocalRotation.z
      value: 0.77401876
      objectReference: {fileID: 0}
    - target: {fileID: 9098522738382591806, guid: 130e03df64725f7468a3eee2e705354e, type: 3}
      propertyPath: m_LocalEulerAnglesHint.x
      value: 5.991
      objectReference: {fileID: 0}
    - target: {fileID: 9098522738382591806, guid: 130e03df64725f7468a3eee2e705354e, type: 3}
      propertyPath: m_LocalEulerAnglesHint.y
      value: -11.034
      objectReference: {fileID: 0}
    - target: {fileID: 9098522738382591806, guid: 130e03df64725f7468a3eee2e705354e, type: 3}
      propertyPath: m_LocalEulerAnglesHint.z
      value: 101.7
      objectReference: {fileID: 0}
    m_RemovedComponents: []
  m_SourcePrefab: {fileID: 100100000, guid: 130e03df64725f7468a3eee2e705354e, type: 3}
--- !u!1 &104434886 stripped
GameObject:
  m_CorrespondingSourceObject: {fileID: 3958365282529551969, guid: 130e03df64725f7468a3eee2e705354e, type: 3}
  m_PrefabInstance: {fileID: 104434885}
  m_PrefabAsset: {fileID: 0}
--- !u!4 &104434887 stripped
Transform:
  m_CorrespondingSourceObject: {fileID: 3224759461384861371, guid: 130e03df64725f7468a3eee2e705354e, type: 3}
  m_PrefabInstance: {fileID: 104434885}
  m_PrefabAsset: {fileID: 0}
--- !u!1 &104434888 stripped
GameObject:
  m_CorrespondingSourceObject: {fileID: 4898760808049448638, guid: 130e03df64725f7468a3eee2e705354e, type: 3}
  m_PrefabInstance: {fileID: 104434885}
  m_PrefabAsset: {fileID: 0}
--- !u!4 &104434889 stripped
Transform:
  m_CorrespondingSourceObject: {fileID: 1144377900533504117, guid: 130e03df64725f7468a3eee2e705354e, type: 3}
  m_PrefabInstance: {fileID: 104434885}
  m_PrefabAsset: {fileID: 0}
--- !u!4 &104434890 stripped
Transform:
  m_CorrespondingSourceObject: {fileID: 3104775817455553338, guid: 130e03df64725f7468a3eee2e705354e, type: 3}
  m_PrefabInstance: {fileID: 104434885}
  m_PrefabAsset: {fileID: 0}
--- !u!4 &104434891 stripped
Transform:
  m_CorrespondingSourceObject: {fileID: 83115376595555899, guid: 130e03df64725f7468a3eee2e705354e, type: 3}
  m_PrefabInstance: {fileID: 104434885}
  m_PrefabAsset: {fileID: 0}
--- !u!4 &104434892 stripped
Transform:
  m_CorrespondingSourceObject: {fileID: 8970040602408098756, guid: 130e03df64725f7468a3eee2e705354e, type: 3}
  m_PrefabInstance: {fileID: 104434885}
  m_PrefabAsset: {fileID: 0}
--- !u!4 &104434893 stripped
Transform:
  m_CorrespondingSourceObject: {fileID: 6674409360234603133, guid: 130e03df64725f7468a3eee2e705354e, type: 3}
  m_PrefabInstance: {fileID: 104434885}
  m_PrefabAsset: {fileID: 0}
--- !u!4 &104434894 stripped
Transform:
  m_CorrespondingSourceObject: {fileID: 2375772201878838083, guid: 130e03df64725f7468a3eee2e705354e, type: 3}
  m_PrefabInstance: {fileID: 104434885}
  m_PrefabAsset: {fileID: 0}
--- !u!4 &104434895 stripped
Transform:
  m_CorrespondingSourceObject: {fileID: 6547331760490626009, guid: 130e03df64725f7468a3eee2e705354e, type: 3}
  m_PrefabInstance: {fileID: 104434885}
  m_PrefabAsset: {fileID: 0}
--- !u!4 &104434896 stripped
Transform:
  m_CorrespondingSourceObject: {fileID: 2532207334507555837, guid: 130e03df64725f7468a3eee2e705354e, type: 3}
  m_PrefabInstance: {fileID: 104434885}
  m_PrefabAsset: {fileID: 0}
--- !u!4 &104434897 stripped
Transform:
  m_CorrespondingSourceObject: {fileID: 5938662159720182698, guid: 130e03df64725f7468a3eee2e705354e, type: 3}
  m_PrefabInstance: {fileID: 104434885}
  m_PrefabAsset: {fileID: 0}
--- !u!4 &104434898 stripped
Transform:
  m_CorrespondingSourceObject: {fileID: 800895415176590611, guid: 130e03df64725f7468a3eee2e705354e, type: 3}
  m_PrefabInstance: {fileID: 104434885}
  m_PrefabAsset: {fileID: 0}
--- !u!4 &104434899 stripped
Transform:
  m_CorrespondingSourceObject: {fileID: 7933506097882171504, guid: 130e03df64725f7468a3eee2e705354e, type: 3}
  m_PrefabInstance: {fileID: 104434885}
  m_PrefabAsset: {fileID: 0}
--- !u!4 &104434900 stripped
Transform:
  m_CorrespondingSourceObject: {fileID: 451690338559470385, guid: 130e03df64725f7468a3eee2e705354e, type: 3}
  m_PrefabInstance: {fileID: 104434885}
  m_PrefabAsset: {fileID: 0}
--- !u!4 &104434901 stripped
Transform:
  m_CorrespondingSourceObject: {fileID: 414940694907225472, guid: 130e03df64725f7468a3eee2e705354e, type: 3}
  m_PrefabInstance: {fileID: 104434885}
  m_PrefabAsset: {fileID: 0}
--- !u!4 &104434902 stripped
Transform:
  m_CorrespondingSourceObject: {fileID: 2417778042101490298, guid: 130e03df64725f7468a3eee2e705354e, type: 3}
  m_PrefabInstance: {fileID: 104434885}
  m_PrefabAsset: {fileID: 0}
--- !u!4 &104434903 stripped
Transform:
  m_CorrespondingSourceObject: {fileID: 1753672598411149177, guid: 130e03df64725f7468a3eee2e705354e, type: 3}
  m_PrefabInstance: {fileID: 104434885}
  m_PrefabAsset: {fileID: 0}
--- !u!4 &104434904 stripped
Transform:
  m_CorrespondingSourceObject: {fileID: 879219053925436928, guid: 130e03df64725f7468a3eee2e705354e, type: 3}
  m_PrefabInstance: {fileID: 104434885}
  m_PrefabAsset: {fileID: 0}
--- !u!4 &104434905 stripped
Transform:
  m_CorrespondingSourceObject: {fileID: 6037542928476728814, guid: 130e03df64725f7468a3eee2e705354e, type: 3}
  m_PrefabInstance: {fileID: 104434885}
  m_PrefabAsset: {fileID: 0}
--- !u!4 &104434906 stripped
Transform:
  m_CorrespondingSourceObject: {fileID: 6844602275136738067, guid: 130e03df64725f7468a3eee2e705354e, type: 3}
  m_PrefabInstance: {fileID: 104434885}
  m_PrefabAsset: {fileID: 0}
--- !u!4 &104434907 stripped
Transform:
  m_CorrespondingSourceObject: {fileID: 2957814221389438192, guid: 130e03df64725f7468a3eee2e705354e, type: 3}
  m_PrefabInstance: {fileID: 104434885}
  m_PrefabAsset: {fileID: 0}
--- !u!4 &104434908 stripped
Transform:
  m_CorrespondingSourceObject: {fileID: 1086693372158158149, guid: 130e03df64725f7468a3eee2e705354e, type: 3}
  m_PrefabInstance: {fileID: 104434885}
  m_PrefabAsset: {fileID: 0}
--- !u!4 &104434909 stripped
Transform:
  m_CorrespondingSourceObject: {fileID: 6752918703067807744, guid: 130e03df64725f7468a3eee2e705354e, type: 3}
  m_PrefabInstance: {fileID: 104434885}
  m_PrefabAsset: {fileID: 0}
--- !u!4 &104434910 stripped
Transform:
  m_CorrespondingSourceObject: {fileID: 6662078071980856862, guid: 130e03df64725f7468a3eee2e705354e, type: 3}
  m_PrefabInstance: {fileID: 104434885}
  m_PrefabAsset: {fileID: 0}
--- !u!4 &104434911 stripped
Transform:
  m_CorrespondingSourceObject: {fileID: 7313672615908088564, guid: 130e03df64725f7468a3eee2e705354e, type: 3}
  m_PrefabInstance: {fileID: 104434885}
  m_PrefabAsset: {fileID: 0}
--- !u!4 &104434912 stripped
Transform:
  m_CorrespondingSourceObject: {fileID: 542865491181994892, guid: 130e03df64725f7468a3eee2e705354e, type: 3}
  m_PrefabInstance: {fileID: 104434885}
  m_PrefabAsset: {fileID: 0}
--- !u!4 &104434913 stripped
Transform:
  m_CorrespondingSourceObject: {fileID: 446618237401743231, guid: 130e03df64725f7468a3eee2e705354e, type: 3}
  m_PrefabInstance: {fileID: 104434885}
  m_PrefabAsset: {fileID: 0}
--- !u!4 &104434914 stripped
Transform:
  m_CorrespondingSourceObject: {fileID: 458791893926141687, guid: 130e03df64725f7468a3eee2e705354e, type: 3}
  m_PrefabInstance: {fileID: 104434885}
  m_PrefabAsset: {fileID: 0}
--- !u!4 &104434915 stripped
Transform:
  m_CorrespondingSourceObject: {fileID: 7024136027695346748, guid: 130e03df64725f7468a3eee2e705354e, type: 3}
  m_PrefabInstance: {fileID: 104434885}
  m_PrefabAsset: {fileID: 0}
--- !u!4 &104434916 stripped
Transform:
  m_CorrespondingSourceObject: {fileID: 1922578158903844793, guid: 130e03df64725f7468a3eee2e705354e, type: 3}
  m_PrefabInstance: {fileID: 104434885}
  m_PrefabAsset: {fileID: 0}
--- !u!4 &104434917 stripped
Transform:
  m_CorrespondingSourceObject: {fileID: 8376284939530201464, guid: 130e03df64725f7468a3eee2e705354e, type: 3}
  m_PrefabInstance: {fileID: 104434885}
  m_PrefabAsset: {fileID: 0}
--- !u!4 &104434918 stripped
Transform:
  m_CorrespondingSourceObject: {fileID: 3837520981375611557, guid: 130e03df64725f7468a3eee2e705354e, type: 3}
  m_PrefabInstance: {fileID: 104434885}
  m_PrefabAsset: {fileID: 0}
--- !u!4 &104434919 stripped
Transform:
  m_CorrespondingSourceObject: {fileID: 9042005126919726410, guid: 130e03df64725f7468a3eee2e705354e, type: 3}
  m_PrefabInstance: {fileID: 104434885}
  m_PrefabAsset: {fileID: 0}
--- !u!4 &104434920 stripped
Transform:
  m_CorrespondingSourceObject: {fileID: 8686174281880626466, guid: 130e03df64725f7468a3eee2e705354e, type: 3}
  m_PrefabInstance: {fileID: 104434885}
  m_PrefabAsset: {fileID: 0}
--- !u!4 &104434921 stripped
Transform:
  m_CorrespondingSourceObject: {fileID: 6777944006010896666, guid: 130e03df64725f7468a3eee2e705354e, type: 3}
  m_PrefabInstance: {fileID: 104434885}
  m_PrefabAsset: {fileID: 0}
--- !u!4 &104434922 stripped
Transform:
  m_CorrespondingSourceObject: {fileID: 5746742934739552386, guid: 130e03df64725f7468a3eee2e705354e, type: 3}
  m_PrefabInstance: {fileID: 104434885}
  m_PrefabAsset: {fileID: 0}
--- !u!4 &104434923 stripped
Transform:
  m_CorrespondingSourceObject: {fileID: 5409811519048538528, guid: 130e03df64725f7468a3eee2e705354e, type: 3}
  m_PrefabInstance: {fileID: 104434885}
  m_PrefabAsset: {fileID: 0}
--- !u!4 &104434924 stripped
Transform:
  m_CorrespondingSourceObject: {fileID: 3218102917550218311, guid: 130e03df64725f7468a3eee2e705354e, type: 3}
  m_PrefabInstance: {fileID: 104434885}
  m_PrefabAsset: {fileID: 0}
--- !u!4 &104434925 stripped
Transform:
  m_CorrespondingSourceObject: {fileID: 3132358990291739345, guid: 130e03df64725f7468a3eee2e705354e, type: 3}
  m_PrefabInstance: {fileID: 104434885}
  m_PrefabAsset: {fileID: 0}
--- !u!4 &104434926 stripped
Transform:
  m_CorrespondingSourceObject: {fileID: 2181407378975774009, guid: 130e03df64725f7468a3eee2e705354e, type: 3}
  m_PrefabInstance: {fileID: 104434885}
  m_PrefabAsset: {fileID: 0}
--- !u!4 &104434927 stripped
Transform:
  m_CorrespondingSourceObject: {fileID: 2373194295601745984, guid: 130e03df64725f7468a3eee2e705354e, type: 3}
  m_PrefabInstance: {fileID: 104434885}
  m_PrefabAsset: {fileID: 0}
--- !u!4 &104434928 stripped
Transform:
  m_CorrespondingSourceObject: {fileID: 143124600462627139, guid: 130e03df64725f7468a3eee2e705354e, type: 3}
  m_PrefabInstance: {fileID: 104434885}
  m_PrefabAsset: {fileID: 0}
--- !u!4 &104434929 stripped
Transform:
  m_CorrespondingSourceObject: {fileID: 2339982510249844224, guid: 130e03df64725f7468a3eee2e705354e, type: 3}
  m_PrefabInstance: {fileID: 104434885}
  m_PrefabAsset: {fileID: 0}
--- !u!4 &104434930 stripped
Transform:
  m_CorrespondingSourceObject: {fileID: 460541014595887653, guid: 130e03df64725f7468a3eee2e705354e, type: 3}
  m_PrefabInstance: {fileID: 104434885}
  m_PrefabAsset: {fileID: 0}
--- !u!4 &104434931 stripped
Transform:
  m_CorrespondingSourceObject: {fileID: 1205613975499110309, guid: 130e03df64725f7468a3eee2e705354e, type: 3}
  m_PrefabInstance: {fileID: 104434885}
  m_PrefabAsset: {fileID: 0}
--- !u!4 &104434932 stripped
Transform:
  m_CorrespondingSourceObject: {fileID: 7189650831433551624, guid: 130e03df64725f7468a3eee2e705354e, type: 3}
  m_PrefabInstance: {fileID: 104434885}
  m_PrefabAsset: {fileID: 0}
--- !u!4 &104434933 stripped
Transform:
  m_CorrespondingSourceObject: {fileID: 8118696915176921901, guid: 130e03df64725f7468a3eee2e705354e, type: 3}
  m_PrefabInstance: {fileID: 104434885}
  m_PrefabAsset: {fileID: 0}
--- !u!4 &104434934 stripped
Transform:
  m_CorrespondingSourceObject: {fileID: 8116246654928746941, guid: 130e03df64725f7468a3eee2e705354e, type: 3}
  m_PrefabInstance: {fileID: 104434885}
  m_PrefabAsset: {fileID: 0}
--- !u!4 &104434935 stripped
Transform:
  m_CorrespondingSourceObject: {fileID: 3598918613838804518, guid: 130e03df64725f7468a3eee2e705354e, type: 3}
  m_PrefabInstance: {fileID: 104434885}
  m_PrefabAsset: {fileID: 0}
--- !u!4 &104434936 stripped
Transform:
  m_CorrespondingSourceObject: {fileID: 7646808461700577620, guid: 130e03df64725f7468a3eee2e705354e, type: 3}
  m_PrefabInstance: {fileID: 104434885}
  m_PrefabAsset: {fileID: 0}
--- !u!4 &104434937 stripped
Transform:
  m_CorrespondingSourceObject: {fileID: 6328752128175426535, guid: 130e03df64725f7468a3eee2e705354e, type: 3}
  m_PrefabInstance: {fileID: 104434885}
  m_PrefabAsset: {fileID: 0}
--- !u!4 &104434938 stripped
Transform:
  m_CorrespondingSourceObject: {fileID: 6784891460397764546, guid: 130e03df64725f7468a3eee2e705354e, type: 3}
  m_PrefabInstance: {fileID: 104434885}
  m_PrefabAsset: {fileID: 0}
--- !u!4 &104434939 stripped
Transform:
  m_CorrespondingSourceObject: {fileID: 2436228939140114824, guid: 130e03df64725f7468a3eee2e705354e, type: 3}
  m_PrefabInstance: {fileID: 104434885}
  m_PrefabAsset: {fileID: 0}
--- !u!4 &104434940 stripped
Transform:
  m_CorrespondingSourceObject: {fileID: 4973370062359350820, guid: 130e03df64725f7468a3eee2e705354e, type: 3}
  m_PrefabInstance: {fileID: 104434885}
  m_PrefabAsset: {fileID: 0}
--- !u!4 &104434941 stripped
Transform:
  m_CorrespondingSourceObject: {fileID: 3513325650994775180, guid: 130e03df64725f7468a3eee2e705354e, type: 3}
  m_PrefabInstance: {fileID: 104434885}
  m_PrefabAsset: {fileID: 0}
--- !u!4 &104434942 stripped
Transform:
  m_CorrespondingSourceObject: {fileID: 9031177345523655524, guid: 130e03df64725f7468a3eee2e705354e, type: 3}
  m_PrefabInstance: {fileID: 104434885}
  m_PrefabAsset: {fileID: 0}
--- !u!4 &104434943 stripped
Transform:
  m_CorrespondingSourceObject: {fileID: 3296005162793125491, guid: 130e03df64725f7468a3eee2e705354e, type: 3}
  m_PrefabInstance: {fileID: 104434885}
  m_PrefabAsset: {fileID: 0}
--- !u!4 &104434944 stripped
Transform:
  m_CorrespondingSourceObject: {fileID: 641095959507728381, guid: 130e03df64725f7468a3eee2e705354e, type: 3}
  m_PrefabInstance: {fileID: 104434885}
  m_PrefabAsset: {fileID: 0}
--- !u!4 &104434945 stripped
Transform:
  m_CorrespondingSourceObject: {fileID: 9098522738382591806, guid: 130e03df64725f7468a3eee2e705354e, type: 3}
  m_PrefabInstance: {fileID: 104434885}
  m_PrefabAsset: {fileID: 0}
--- !u!4 &104434946 stripped
Transform:
  m_CorrespondingSourceObject: {fileID: 2958093849103052090, guid: 130e03df64725f7468a3eee2e705354e, type: 3}
  m_PrefabInstance: {fileID: 104434885}
  m_PrefabAsset: {fileID: 0}
--- !u!4 &104434947 stripped
Transform:
  m_CorrespondingSourceObject: {fileID: 8824224981355431725, guid: 130e03df64725f7468a3eee2e705354e, type: 3}
  m_PrefabInstance: {fileID: 104434885}
  m_PrefabAsset: {fileID: 0}
--- !u!4 &104434948 stripped
Transform:
  m_CorrespondingSourceObject: {fileID: 2098069961730047864, guid: 130e03df64725f7468a3eee2e705354e, type: 3}
  m_PrefabInstance: {fileID: 104434885}
  m_PrefabAsset: {fileID: 0}
--- !u!4 &104434949 stripped
Transform:
  m_CorrespondingSourceObject: {fileID: 6658677199514634567, guid: 130e03df64725f7468a3eee2e705354e, type: 3}
  m_PrefabInstance: {fileID: 104434885}
  m_PrefabAsset: {fileID: 0}
--- !u!4 &104434950 stripped
Transform:
  m_CorrespondingSourceObject: {fileID: 7196598645035820365, guid: 130e03df64725f7468a3eee2e705354e, type: 3}
  m_PrefabInstance: {fileID: 104434885}
  m_PrefabAsset: {fileID: 0}
--- !u!4 &104434951 stripped
Transform:
  m_CorrespondingSourceObject: {fileID: 8244517118331453449, guid: 130e03df64725f7468a3eee2e705354e, type: 3}
  m_PrefabInstance: {fileID: 104434885}
  m_PrefabAsset: {fileID: 0}
--- !u!4 &104434952 stripped
Transform:
  m_CorrespondingSourceObject: {fileID: 2080119742422796628, guid: 130e03df64725f7468a3eee2e705354e, type: 3}
  m_PrefabInstance: {fileID: 104434885}
  m_PrefabAsset: {fileID: 0}
--- !u!4 &104434953 stripped
Transform:
  m_CorrespondingSourceObject: {fileID: 4612168983920814940, guid: 130e03df64725f7468a3eee2e705354e, type: 3}
  m_PrefabInstance: {fileID: 104434885}
  m_PrefabAsset: {fileID: 0}
--- !u!4 &104434954 stripped
Transform:
  m_CorrespondingSourceObject: {fileID: 3674925188946868160, guid: 130e03df64725f7468a3eee2e705354e, type: 3}
  m_PrefabInstance: {fileID: 104434885}
  m_PrefabAsset: {fileID: 0}
--- !u!4 &104434955 stripped
Transform:
  m_CorrespondingSourceObject: {fileID: 659330788386035113, guid: 130e03df64725f7468a3eee2e705354e, type: 3}
  m_PrefabInstance: {fileID: 104434885}
  m_PrefabAsset: {fileID: 0}
--- !u!4 &104434956 stripped
Transform:
  m_CorrespondingSourceObject: {fileID: 110557345890057099, guid: 130e03df64725f7468a3eee2e705354e, type: 3}
  m_PrefabInstance: {fileID: 104434885}
  m_PrefabAsset: {fileID: 0}
--- !u!4 &104434957 stripped
Transform:
  m_CorrespondingSourceObject: {fileID: 6369360179109980223, guid: 130e03df64725f7468a3eee2e705354e, type: 3}
  m_PrefabInstance: {fileID: 104434885}
  m_PrefabAsset: {fileID: 0}
--- !u!4 &104434958 stripped
Transform:
  m_CorrespondingSourceObject: {fileID: 1200648960241744615, guid: 130e03df64725f7468a3eee2e705354e, type: 3}
  m_PrefabInstance: {fileID: 104434885}
  m_PrefabAsset: {fileID: 0}
--- !u!4 &104434959 stripped
Transform:
  m_CorrespondingSourceObject: {fileID: 2073592708091540910, guid: 130e03df64725f7468a3eee2e705354e, type: 3}
  m_PrefabInstance: {fileID: 104434885}
  m_PrefabAsset: {fileID: 0}
--- !u!4 &104434960 stripped
Transform:
  m_CorrespondingSourceObject: {fileID: 5296029086207839286, guid: 130e03df64725f7468a3eee2e705354e, type: 3}
  m_PrefabInstance: {fileID: 104434885}
  m_PrefabAsset: {fileID: 0}
--- !u!4 &104434961 stripped
Transform:
  m_CorrespondingSourceObject: {fileID: 8182755689351739233, guid: 130e03df64725f7468a3eee2e705354e, type: 3}
  m_PrefabInstance: {fileID: 104434885}
  m_PrefabAsset: {fileID: 0}
--- !u!4 &104434962 stripped
Transform:
  m_CorrespondingSourceObject: {fileID: 4217407315548211092, guid: 130e03df64725f7468a3eee2e705354e, type: 3}
  m_PrefabInstance: {fileID: 104434885}
  m_PrefabAsset: {fileID: 0}
--- !u!4 &104434963 stripped
Transform:
  m_CorrespondingSourceObject: {fileID: 7950361696071783899, guid: 130e03df64725f7468a3eee2e705354e, type: 3}
  m_PrefabInstance: {fileID: 104434885}
  m_PrefabAsset: {fileID: 0}
--- !u!4 &104434964 stripped
Transform:
  m_CorrespondingSourceObject: {fileID: 5304084525358533428, guid: 130e03df64725f7468a3eee2e705354e, type: 3}
  m_PrefabInstance: {fileID: 104434885}
  m_PrefabAsset: {fileID: 0}
--- !u!4 &104434965 stripped
Transform:
  m_CorrespondingSourceObject: {fileID: 5252269094672599970, guid: 130e03df64725f7468a3eee2e705354e, type: 3}
  m_PrefabInstance: {fileID: 104434885}
  m_PrefabAsset: {fileID: 0}
--- !u!4 &104434966 stripped
Transform:
  m_CorrespondingSourceObject: {fileID: 3671096131214632279, guid: 130e03df64725f7468a3eee2e705354e, type: 3}
  m_PrefabInstance: {fileID: 104434885}
  m_PrefabAsset: {fileID: 0}
--- !u!4 &104434967 stripped
Transform:
  m_CorrespondingSourceObject: {fileID: 1350033290497831679, guid: 130e03df64725f7468a3eee2e705354e, type: 3}
  m_PrefabInstance: {fileID: 104434885}
  m_PrefabAsset: {fileID: 0}
--- !u!4 &104434968 stripped
Transform:
  m_CorrespondingSourceObject: {fileID: 3176090000176977517, guid: 130e03df64725f7468a3eee2e705354e, type: 3}
  m_PrefabInstance: {fileID: 104434885}
  m_PrefabAsset: {fileID: 0}
--- !u!4 &104434969 stripped
Transform:
  m_CorrespondingSourceObject: {fileID: 4833451122047395845, guid: 130e03df64725f7468a3eee2e705354e, type: 3}
  m_PrefabInstance: {fileID: 104434885}
  m_PrefabAsset: {fileID: 0}
--- !u!4 &104434970 stripped
Transform:
  m_CorrespondingSourceObject: {fileID: 3325350997657399220, guid: 130e03df64725f7468a3eee2e705354e, type: 3}
  m_PrefabInstance: {fileID: 104434885}
  m_PrefabAsset: {fileID: 0}
--- !u!95 &104434971 stripped
Animator:
  m_CorrespondingSourceObject: {fileID: 7944255570388449544, guid: 130e03df64725f7468a3eee2e705354e, type: 3}
  m_PrefabInstance: {fileID: 104434885}
  m_PrefabAsset: {fileID: 0}
--- !u!4 &104434972 stripped
Transform:
  m_CorrespondingSourceObject: {fileID: 51133442762429554, guid: 130e03df64725f7468a3eee2e705354e, type: 3}
  m_PrefabInstance: {fileID: 104434885}
  m_PrefabAsset: {fileID: 0}
--- !u!114 &104434973
MonoBehaviour:
  m_ObjectHideFlags: 0
  m_CorrespondingSourceObject: {fileID: 0}
  m_PrefabInstance: {fileID: 0}
  m_PrefabAsset: {fileID: 0}
  m_GameObject: {fileID: 104434886}
  m_Enabled: 1
  m_EditorHideFlags: 0
  m_Script: {fileID: 11500000, guid: b2d8418b0b9634b1892b0268dd9c2743, type: 3}
  m_Name: 
  m_EditorClassIdentifier: 
  boneShape: 1
  drawBones: 1
  drawTripods: 0
  boneSize: 1
  tripodSize: 1
  boneColor: {r: 1, g: 1, b: 1, a: 0.5}
  m_Transforms:
  - {fileID: 104434972}
  - {fileID: 104434970}
  - {fileID: 104434969}
  - {fileID: 104434968}
  - {fileID: 104434967}
  - {fileID: 104434966}
  - {fileID: 104434965}
  - {fileID: 104434964}
  - {fileID: 104434963}
  - {fileID: 104434962}
  - {fileID: 104434961}
  - {fileID: 104434960}
  - {fileID: 104434959}
  - {fileID: 104434958}
  - {fileID: 104434957}
  - {fileID: 104434956}
  - {fileID: 104434955}
  - {fileID: 104434954}
  - {fileID: 104434953}
  - {fileID: 104434952}
  - {fileID: 104434951}
  - {fileID: 104434950}
  - {fileID: 104434949}
  - {fileID: 104434948}
  - {fileID: 104434947}
  - {fileID: 104434946}
  - {fileID: 104434945}
  - {fileID: 104434944}
  - {fileID: 104434943}
  - {fileID: 104434942}
  - {fileID: 104434941}
  - {fileID: 104434940}
  - {fileID: 104434939}
  - {fileID: 104434938}
  - {fileID: 104434937}
  - {fileID: 104434936}
  - {fileID: 104434935}
  - {fileID: 104434934}
  - {fileID: 104434933}
  - {fileID: 104434932}
  - {fileID: 104434931}
  - {fileID: 104434930}
  - {fileID: 104434929}
  - {fileID: 104434928}
  - {fileID: 104434927}
  - {fileID: 104434926}
  - {fileID: 104434925}
  - {fileID: 104434924}
  - {fileID: 104434923}
  - {fileID: 104434922}
  - {fileID: 104434921}
  - {fileID: 104434920}
  - {fileID: 104434919}
  - {fileID: 104434918}
  - {fileID: 104434917}
  - {fileID: 104434916}
  - {fileID: 104434915}
  - {fileID: 104434914}
  - {fileID: 104434913}
  - {fileID: 104434912}
  - {fileID: 104434911}
  - {fileID: 104434910}
  - {fileID: 104434909}
  - {fileID: 104434908}
  - {fileID: 104434907}
  - {fileID: 104434906}
  - {fileID: 104434905}
  - {fileID: 104434904}
  - {fileID: 104434903}
  - {fileID: 104434902}
  - {fileID: 104434901}
  - {fileID: 104434900}
  - {fileID: 104434899}
  - {fileID: 104434898}
  - {fileID: 104434897}
  - {fileID: 104434896}
  - {fileID: 104434895}
  - {fileID: 104434894}
  - {fileID: 104434893}
  - {fileID: 104434892}
  - {fileID: 104434891}
  - {fileID: 104434890}
  - {fileID: 104434889}
  - {fileID: 104434887}
--- !u!114 &104434974
MonoBehaviour:
  m_ObjectHideFlags: 0
  m_CorrespondingSourceObject: {fileID: 0}
  m_PrefabInstance: {fileID: 0}
  m_PrefabAsset: {fileID: 0}
  m_GameObject: {fileID: 104434886}
  m_Enabled: 1
  m_EditorHideFlags: 0
  m_Script: {fileID: 11500000, guid: fff0960ef4ea6e04eac66b4a7fd2189d, type: 3}
  m_Name: 
  m_EditorClassIdentifier: 
  m_RigLayers:
  - m_Rig: {fileID: 0}
    m_Active: 1
  m_Effectors: []
--- !u!114 &104434975
MonoBehaviour:
  m_ObjectHideFlags: 0
  m_CorrespondingSourceObject: {fileID: 0}
  m_PrefabInstance: {fileID: 0}
  m_PrefabAsset: {fileID: 0}
  m_GameObject: {fileID: 104434886}
  m_Enabled: 1
  m_EditorHideFlags: 0
  m_Script: {fileID: 11500000, guid: 6c40b7f86dbb24547afe4a75de073558, type: 3}
  m_Name: 
  m_EditorClassIdentifier: 
  controller: {fileID: 104434976}
  killer_control: {fileID: 104434971}
  speedMovement: 7
  direccion: {x: 0, y: 0, z: 0}
  mouseMovement: {x: 0, y: 0}
  playerCamera: {fileID: 707405849}
  rotacionCamaraX: 0
  rotacionPlayerY: 0
--- !u!143 &104434976
CharacterController:
  m_ObjectHideFlags: 0
  m_CorrespondingSourceObject: {fileID: 0}
  m_PrefabInstance: {fileID: 0}
  m_PrefabAsset: {fileID: 0}
  m_GameObject: {fileID: 104434886}
  m_Material: {fileID: 0}
  m_IsTrigger: 0
  m_Enabled: 1
  serializedVersion: 2
  m_Height: 2.51
  m_Radius: 0.5
  m_SlopeLimit: 45
  m_StepOffset: 0.3
  m_SkinWidth: 0.08
  m_MinMoveDistance: 0.001
  m_Center: {x: 0, y: 1.2, z: 0}
--- !u!1 &408966944
GameObject:
  m_ObjectHideFlags: 0
  m_CorrespondingSourceObject: {fileID: 0}
  m_PrefabInstance: {fileID: 0}
  m_PrefabAsset: {fileID: 0}
  serializedVersion: 6
  m_Component:
  - component: {fileID: 408966945}
  - component: {fileID: 408966946}
  m_Layer: 0
  m_Name: TargetTracking
  m_TagString: Untagged
  m_Icon: {fileID: 0}
  m_NavMeshLayer: 0
  m_StaticEditorFlags: 0
  m_IsActive: 1
--- !u!4 &408966945
Transform:
  m_ObjectHideFlags: 0
  m_CorrespondingSourceObject: {fileID: 0}
  m_PrefabInstance: {fileID: 0}
  m_PrefabAsset: {fileID: 0}
  m_GameObject: {fileID: 408966944}
  m_LocalRotation: {x: 0, y: 0, z: 0, w: 1}
  m_LocalPosition: {x: 0, y: 0, z: 0}
  m_LocalScale: {x: 1, y: 1, z: 1}
  m_ConstrainProportionsScale: 0
  m_Children:
  - {fileID: 87332155}
  m_Father: {fileID: 104434972}
  m_RootOrder: 3
  m_LocalEulerAnglesHint: {x: 0, y: 0, z: 0}
--- !u!114 &408966946
MonoBehaviour:
  m_ObjectHideFlags: 0
  m_CorrespondingSourceObject: {fileID: 0}
  m_PrefabInstance: {fileID: 0}
  m_PrefabAsset: {fileID: 0}
  m_GameObject: {fileID: 408966944}
  m_Enabled: 1
  m_EditorHideFlags: 0
  m_Script: {fileID: 11500000, guid: 70b342d8ce5c2fd48b8fa3147d48d1d1, type: 3}
  m_Name: 
  m_EditorClassIdentifier: 
  m_Weight: 1
  m_Effectors: []
--- !u!1 &445248027
GameObject:
  m_ObjectHideFlags: 0
  m_CorrespondingSourceObject: {fileID: 0}
  m_PrefabInstance: {fileID: 0}
  m_PrefabAsset: {fileID: 0}
  serializedVersion: 6
  m_Component:
  - component: {fileID: 445248030}
  - component: {fileID: 445248029}
  - component: {fileID: 445248028}
  - component: {fileID: 445248031}
  m_Layer: 0
  m_Name: Main Camera
  m_TagString: MainCamera
  m_Icon: {fileID: 0}
  m_NavMeshLayer: 0
  m_StaticEditorFlags: 0
  m_IsActive: 1
--- !u!81 &445248028
AudioListener:
  m_ObjectHideFlags: 0
  m_CorrespondingSourceObject: {fileID: 0}
  m_PrefabInstance: {fileID: 0}
  m_PrefabAsset: {fileID: 0}
  m_GameObject: {fileID: 445248027}
  m_Enabled: 1
--- !u!20 &445248029
Camera:
  m_ObjectHideFlags: 0
  m_CorrespondingSourceObject: {fileID: 0}
  m_PrefabInstance: {fileID: 0}
  m_PrefabAsset: {fileID: 0}
  m_GameObject: {fileID: 445248027}
  m_Enabled: 1
  serializedVersion: 2
  m_ClearFlags: 1
  m_BackGroundColor: {r: 0.19215687, g: 0.3019608, b: 0.4745098, a: 0}
  m_projectionMatrixMode: 1
  m_GateFitMode: 2
  m_FOVAxisMode: 0
  m_SensorSize: {x: 36, y: 24}
  m_LensShift: {x: 0, y: 0}
  m_FocalLength: 50
  m_NormalizedViewPortRect:
    serializedVersion: 2
    x: 0
    y: 0
    width: 1
    height: 1
  near clip plane: 0.3
  far clip plane: 1000
  field of view: 60
  orthographic: 0
  orthographic size: 5
  m_Depth: -1
  m_CullingMask:
    serializedVersion: 2
    m_Bits: 4294967295
  m_RenderingPath: -1
  m_TargetTexture: {fileID: 0}
  m_TargetDisplay: 0
  m_TargetEye: 3
  m_HDR: 1
  m_AllowMSAA: 1
  m_AllowDynamicResolution: 0
  m_ForceIntoRT: 0
  m_OcclusionCulling: 1
  m_StereoConvergence: 10
  m_StereoSeparation: 0.022
--- !u!4 &445248030
Transform:
  m_ObjectHideFlags: 0
  m_CorrespondingSourceObject: {fileID: 0}
  m_PrefabInstance: {fileID: 0}
  m_PrefabAsset: {fileID: 0}
  m_GameObject: {fileID: 445248027}
  m_LocalRotation: {x: 0, y: 0, z: 0, w: 1}
  m_LocalPosition: {x: 0, y: 1, z: -10}
  m_LocalScale: {x: 1, y: 1, z: 1}
  m_ConstrainProportionsScale: 0
  m_Children: []
  m_Father: {fileID: 0}
  m_RootOrder: 0
  m_LocalEulerAnglesHint: {x: 0, y: 0, z: 0}
--- !u!114 &445248031
MonoBehaviour:
  m_ObjectHideFlags: 0
  m_CorrespondingSourceObject: {fileID: 0}
  m_PrefabInstance: {fileID: 0}
  m_PrefabAsset: {fileID: 0}
  m_GameObject: {fileID: 445248027}
  m_Enabled: 1
  m_EditorHideFlags: 0
  m_Script: {fileID: 11500000, guid: a79441f348de89743a2939f4d699eac1, type: 3}
  m_Name: 
  m_EditorClassIdentifier: 
  m_RenderShadows: 1
  m_RequiresDepthTextureOption: 2
  m_RequiresOpaqueTextureOption: 2
  m_CameraType: 0
  m_Cameras: []
  m_RendererIndex: -1
  m_VolumeLayerMask:
    serializedVersion: 2
    m_Bits: 1
  m_VolumeTrigger: {fileID: 0}
  m_VolumeFrameworkUpdateModeOption: 2
  m_RenderPostProcessing: 0
  m_Antialiasing: 0
  m_AntialiasingQuality: 2
  m_StopNaN: 0
  m_Dithering: 0
  m_ClearDepth: 1
  m_AllowXRRendering: 1
  m_RequiresDepthTexture: 0
  m_RequiresColorTexture: 0
  m_Version: 2
--- !u!1 &707405848
GameObject:
  m_ObjectHideFlags: 0
  m_CorrespondingSourceObject: {fileID: 0}
  m_PrefabInstance: {fileID: 0}
  m_PrefabAsset: {fileID: 0}
  serializedVersion: 6
  m_Component:
  - component: {fileID: 707405852}
  - component: {fileID: 707405849}
  - component: {fileID: 707405851}
  - component: {fileID: 707405850}
  m_Layer: 0
  m_Name: Main Camera
  m_TagString: MainCamera
  m_Icon: {fileID: 0}
  m_NavMeshLayer: 0
  m_StaticEditorFlags: 0
  m_IsActive: 0
--- !u!20 &707405849
Camera:
  m_ObjectHideFlags: 0
  m_CorrespondingSourceObject: {fileID: 0}
  m_PrefabInstance: {fileID: 0}
  m_PrefabAsset: {fileID: 0}
  m_GameObject: {fileID: 707405848}
  m_Enabled: 1
  serializedVersion: 2
  m_ClearFlags: 1
  m_BackGroundColor: {r: 0.19215687, g: 0.3019608, b: 0.4745098, a: 0}
  m_projectionMatrixMode: 1
  m_GateFitMode: 2
  m_FOVAxisMode: 0
  m_SensorSize: {x: 36, y: 24}
  m_LensShift: {x: 0, y: 0}
  m_FocalLength: 50
  m_NormalizedViewPortRect:
    serializedVersion: 2
    x: 0
    y: 0
    width: 1
    height: 1
  near clip plane: 0.3
  far clip plane: 1000
  field of view: 60
  orthographic: 0
  orthographic size: 5
  m_Depth: -1
  m_CullingMask:
    serializedVersion: 2
    m_Bits: 4294967295
  m_RenderingPath: -1
  m_TargetTexture: {fileID: 0}
  m_TargetDisplay: 0
  m_TargetEye: 3
  m_HDR: 1
  m_AllowMSAA: 1
  m_AllowDynamicResolution: 0
  m_ForceIntoRT: 0
  m_OcclusionCulling: 1
  m_StereoConvergence: 10
  m_StereoSeparation: 0.022
--- !u!114 &707405850
MonoBehaviour:
  m_ObjectHideFlags: 0
  m_CorrespondingSourceObject: {fileID: 0}
  m_PrefabInstance: {fileID: 0}
  m_PrefabAsset: {fileID: 0}
  m_GameObject: {fileID: 707405848}
  m_Enabled: 1
  m_EditorHideFlags: 0
  m_Script: {fileID: 11500000, guid: a79441f348de89743a2939f4d699eac1, type: 3}
  m_Name: 
  m_EditorClassIdentifier: 
  m_RenderShadows: 1
  m_RequiresDepthTextureOption: 2
  m_RequiresOpaqueTextureOption: 2
  m_CameraType: 0
  m_Cameras: []
  m_RendererIndex: -1
  m_VolumeLayerMask:
    serializedVersion: 2
    m_Bits: 1
  m_VolumeTrigger: {fileID: 0}
  m_VolumeFrameworkUpdateModeOption: 2
  m_RenderPostProcessing: 0
  m_Antialiasing: 0
  m_AntialiasingQuality: 2
  m_StopNaN: 0
  m_Dithering: 0
  m_ClearDepth: 1
  m_AllowXRRendering: 1
  m_RequiresDepthTexture: 0
  m_RequiresColorTexture: 0
  m_Version: 2
--- !u!81 &707405851
AudioListener:
  m_ObjectHideFlags: 0
  m_CorrespondingSourceObject: {fileID: 0}
  m_PrefabInstance: {fileID: 0}
  m_PrefabAsset: {fileID: 0}
  m_GameObject: {fileID: 707405848}
  m_Enabled: 1
--- !u!4 &707405852
Transform:
  m_ObjectHideFlags: 0
  m_CorrespondingSourceObject: {fileID: 0}
  m_PrefabInstance: {fileID: 0}
  m_PrefabAsset: {fileID: 0}
  m_GameObject: {fileID: 707405848}
  m_LocalRotation: {x: -0, y: 5.144879e-11, z: 1.0289755e-11, w: 1}
  m_LocalPosition: {x: -0.013999999, y: 2.609999, z: 0.17299986}
  m_LocalScale: {x: 1, y: 1, z: 1}
  m_ConstrainProportionsScale: 0
  m_Children: []
  m_Father: {fileID: 104434972}
  m_RootOrder: 2
  m_LocalEulerAnglesHint: {x: 0, y: 0, z: 0}
--- !u!1 &1119982063
GameObject:
  m_ObjectHideFlags: 0
  m_CorrespondingSourceObject: {fileID: 0}
  m_PrefabInstance: {fileID: 0}
  m_PrefabAsset: {fileID: 0}
  serializedVersion: 6
  m_Component:
  - component: {fileID: 1119982067}
  - component: {fileID: 1119982066}
  - component: {fileID: 1119982065}
  - component: {fileID: 1119982064}
  m_Layer: 0
  m_Name: LookAtTarget
  m_TagString: Untagged
  m_Icon: {fileID: 0}
  m_NavMeshLayer: 0
  m_StaticEditorFlags: 0
  m_IsActive: 1
--- !u!135 &1119982064
SphereCollider:
  m_ObjectHideFlags: 0
  m_CorrespondingSourceObject: {fileID: 0}
  m_PrefabInstance: {fileID: 0}
  m_PrefabAsset: {fileID: 0}
  m_GameObject: {fileID: 1119982063}
  m_Material: {fileID: 0}
  m_IsTrigger: 0
  m_Enabled: 1
  serializedVersion: 2
  m_Radius: 0.5
  m_Center: {x: 0, y: 0, z: 0}
--- !u!23 &1119982065
MeshRenderer:
  m_ObjectHideFlags: 0
  m_CorrespondingSourceObject: {fileID: 0}
  m_PrefabInstance: {fileID: 0}
  m_PrefabAsset: {fileID: 0}
  m_GameObject: {fileID: 1119982063}
  m_Enabled: 1
  m_CastShadows: 1
  m_ReceiveShadows: 1
  m_DynamicOccludee: 1
  m_StaticShadowCaster: 0
  m_MotionVectors: 1
  m_LightProbeUsage: 1
  m_ReflectionProbeUsage: 1
  m_RayTracingMode: 2
  m_RayTraceProcedural: 0
  m_RenderingLayerMask: 1
  m_RendererPriority: 0
  m_Materials:
  - {fileID: 2100000, guid: 31321ba15b8f8eb4c954353edc038b1d, type: 2}
  m_StaticBatchInfo:
    firstSubMesh: 0
    subMeshCount: 0
  m_StaticBatchRoot: {fileID: 0}
  m_ProbeAnchor: {fileID: 0}
  m_LightProbeVolumeOverride: {fileID: 0}
  m_ScaleInLightmap: 1
  m_ReceiveGI: 1
  m_PreserveUVs: 0
  m_IgnoreNormalsForChartDetection: 0
  m_ImportantGI: 0
  m_StitchLightmapSeams: 1
  m_SelectedEditorRenderState: 3
  m_MinimumChartSize: 4
  m_AutoUVMaxDistance: 0.5
  m_AutoUVMaxAngle: 89
  m_LightmapParameters: {fileID: 0}
  m_SortingLayerID: 0
  m_SortingLayer: 0
  m_SortingOrder: 0
  m_AdditionalVertexStreams: {fileID: 0}
--- !u!33 &1119982066
MeshFilter:
  m_ObjectHideFlags: 0
  m_CorrespondingSourceObject: {fileID: 0}
  m_PrefabInstance: {fileID: 0}
  m_PrefabAsset: {fileID: 0}
  m_GameObject: {fileID: 1119982063}
  m_Mesh: {fileID: 10207, guid: 0000000000000000e000000000000000, type: 0}
--- !u!4 &1119982067
Transform:
  m_ObjectHideFlags: 0
  m_CorrespondingSourceObject: {fileID: 0}
  m_PrefabInstance: {fileID: 0}
  m_PrefabAsset: {fileID: 0}
  m_GameObject: {fileID: 1119982063}
  m_LocalRotation: {x: 0, y: 0, z: 0, w: 1}
  m_LocalPosition: {x: 0.191, y: 3.43, z: 0.019093573}
  m_LocalScale: {x: 1, y: 1, z: 1}
  m_ConstrainProportionsScale: 0
  m_Children: []
  m_Father: {fileID: 0}
  m_RootOrder: 3
  m_LocalEulerAnglesHint: {x: 0, y: 0, z: 0}
--- !u!114 &1545115541
MonoBehaviour:
  m_ObjectHideFlags: 0
  m_CorrespondingSourceObject: {fileID: 0}
  m_PrefabInstance: {fileID: 0}
  m_PrefabAsset: {fileID: 0}
  m_GameObject: {fileID: 104434888}
  m_Enabled: 1
  m_EditorHideFlags: 0
  m_Script: {fileID: 11500000, guid: b2d8418b0b9634b1892b0268dd9c2743, type: 3}
  m_Name: 
  m_EditorClassIdentifier: 
  boneShape: 1
  drawBones: 1
  drawTripods: 0
  boneSize: 1
  tripodSize: 1
  boneColor: {r: 0, g: 0, b: 1, a: 0.5}
  m_Transforms:
  - {fileID: 104434887}
